%YAML 1.1
%TAG !u! tag:unity3d.com,2011:
--- !u!114 &1386415525
MonoBehaviour:
  m_ObjectHideFlags: 0
  m_CorrespondingSourceObject: {fileID: 0}
  m_PrefabInstance: {fileID: 0}
  m_PrefabAsset: {fileID: 0}
  m_GameObject: {fileID: 59449387619864728}
  m_Enabled: 1
  m_EditorHideFlags: 0
  m_Script: {fileID: 11500000, guid: f8639183766394176830637494f32fbf, type: 3}
  m_Name: 
  m_EditorClassIdentifier: 
--- !u!114 &1386415506
MonoBehaviour:
  m_ObjectHideFlags: 0
  m_CorrespondingSourceObject: {fileID: 0}
  m_PrefabInstance: {fileID: 0}
  m_PrefabAsset: {fileID: 0}
  m_GameObject: {fileID: 469898277887626840}
  m_Enabled: 1
  m_EditorHideFlags: 0
  m_Script: {fileID: 11500000, guid: f8639183766394176830637494f32fbf, type: 3}
  m_Name: 
  m_EditorClassIdentifier: 
--- !u!114 &1386415502
MonoBehaviour:
  m_ObjectHideFlags: 0
  m_CorrespondingSourceObject: {fileID: 0}
  m_PrefabInstance: {fileID: 0}
  m_PrefabAsset: {fileID: 0}
  m_GameObject: {fileID: 606858127651561870}
  m_Enabled: 1
  m_EditorHideFlags: 0
  m_Script: {fileID: 11500000, guid: f8639183766394176830637494f32fbf, type: 3}
  m_Name: 
  m_EditorClassIdentifier: 
--- !u!114 &1386415547
MonoBehaviour:
  m_ObjectHideFlags: 0
  m_CorrespondingSourceObject: {fileID: 0}
  m_PrefabInstance: {fileID: 0}
  m_PrefabAsset: {fileID: 0}
  m_GameObject: {fileID: 716465963811777209}
  m_Enabled: 1
  m_EditorHideFlags: 0
  m_Script: {fileID: 11500000, guid: f8639183766394176830637494f32fbf, type: 3}
  m_Name: 
  m_EditorClassIdentifier: 
--- !u!114 &1386415522
MonoBehaviour:
  m_ObjectHideFlags: 0
  m_CorrespondingSourceObject: {fileID: 0}
  m_PrefabInstance: {fileID: 0}
  m_PrefabAsset: {fileID: 0}
  m_GameObject: {fileID: 991657173646828621}
  m_Enabled: 1
  m_EditorHideFlags: 0
  m_Script: {fileID: 11500000, guid: f8639183766394176830637494f32fbf, type: 3}
  m_Name: 
  m_EditorClassIdentifier: 
--- !u!114 &1386415528
MonoBehaviour:
  m_ObjectHideFlags: 0
  m_CorrespondingSourceObject: {fileID: 0}
  m_PrefabInstance: {fileID: 0}
  m_PrefabAsset: {fileID: 0}
  m_GameObject: {fileID: 1210794806840234367}
  m_Enabled: 1
  m_EditorHideFlags: 0
  m_Script: {fileID: 11500000, guid: f8639183766394176830637494f32fbf, type: 3}
  m_Name: 
  m_EditorClassIdentifier: 
--- !u!114 &1386415519
MonoBehaviour:
  m_ObjectHideFlags: 0
  m_CorrespondingSourceObject: {fileID: 0}
  m_PrefabInstance: {fileID: 0}
  m_PrefabAsset: {fileID: 0}
  m_GameObject: {fileID: 1348599317204483910}
  m_Enabled: 1
  m_EditorHideFlags: 0
  m_Script: {fileID: 11500000, guid: f8639183766394176830637494f32fbf, type: 3}
  m_Name: 
  m_EditorClassIdentifier: 
--- !u!114 &1386415512
MonoBehaviour:
  m_ObjectHideFlags: 0
  m_CorrespondingSourceObject: {fileID: 0}
  m_PrefabInstance: {fileID: 0}
  m_PrefabAsset: {fileID: 0}
  m_GameObject: {fileID: 1580485759928603957}
  m_Enabled: 1
  m_EditorHideFlags: 0
  m_Script: {fileID: 11500000, guid: f8639183766394176830637494f32fbf, type: 3}
  m_Name: 
  m_EditorClassIdentifier: 
--- !u!114 &1386415545
MonoBehaviour:
  m_ObjectHideFlags: 0
  m_CorrespondingSourceObject: {fileID: 0}
  m_PrefabInstance: {fileID: 0}
  m_PrefabAsset: {fileID: 0}
  m_GameObject: {fileID: 2041427937556368505}
  m_Enabled: 1
  m_EditorHideFlags: 0
  m_Script: {fileID: 11500000, guid: f8639183766394176830637494f32fbf, type: 3}
  m_Name: 
  m_EditorClassIdentifier: 
--- !u!114 &1386415539
MonoBehaviour:
  m_ObjectHideFlags: 0
  m_CorrespondingSourceObject: {fileID: 0}
  m_PrefabInstance: {fileID: 0}
  m_PrefabAsset: {fileID: 0}
  m_GameObject: {fileID: 2143727053672946698}
  m_Enabled: 1
  m_EditorHideFlags: 0
  m_Script: {fileID: 11500000, guid: f8639183766394176830637494f32fbf, type: 3}
  m_Name: 
  m_EditorClassIdentifier: 
--- !u!114 &1386415536
MonoBehaviour:
  m_ObjectHideFlags: 0
  m_CorrespondingSourceObject: {fileID: 0}
  m_PrefabInstance: {fileID: 0}
  m_PrefabAsset: {fileID: 0}
  m_GameObject: {fileID: 2150260757157232350}
  m_Enabled: 1
  m_EditorHideFlags: 0
  m_Script: {fileID: 11500000, guid: f8639183766394176830637494f32fbf, type: 3}
  m_Name: 
  m_EditorClassIdentifier: 
--- !u!114 &1386415514
MonoBehaviour:
  m_ObjectHideFlags: 0
  m_CorrespondingSourceObject: {fileID: 0}
  m_PrefabInstance: {fileID: 0}
  m_PrefabAsset: {fileID: 0}
  m_GameObject: {fileID: 2235984183917277861}
  m_Enabled: 1
  m_EditorHideFlags: 0
  m_Script: {fileID: 11500000, guid: f8639183766394176830637494f32fbf, type: 3}
  m_Name: 
  m_EditorClassIdentifier: 
--- !u!114 &1386415530
MonoBehaviour:
  m_ObjectHideFlags: 0
  m_CorrespondingSourceObject: {fileID: 0}
  m_PrefabInstance: {fileID: 0}
  m_PrefabAsset: {fileID: 0}
  m_GameObject: {fileID: 2550102991076841885}
  m_Enabled: 1
  m_EditorHideFlags: 0
  m_Script: {fileID: 11500000, guid: f8639183766394176830637494f32fbf, type: 3}
  m_Name: 
  m_EditorClassIdentifier: 
--- !u!114 &1386415548
MonoBehaviour:
  m_ObjectHideFlags: 0
  m_CorrespondingSourceObject: {fileID: 0}
  m_PrefabInstance: {fileID: 0}
  m_PrefabAsset: {fileID: 0}
  m_GameObject: {fileID: 2597441874823367501}
  m_Enabled: 1
  m_EditorHideFlags: 0
  m_Script: {fileID: 11500000, guid: f8639183766394176830637494f32fbf, type: 3}
  m_Name: 
  m_EditorClassIdentifier: 
--- !u!114 &1386415533
MonoBehaviour:
  m_ObjectHideFlags: 0
  m_CorrespondingSourceObject: {fileID: 0}
  m_PrefabInstance: {fileID: 0}
  m_PrefabAsset: {fileID: 0}
  m_GameObject: {fileID: 2719753372546860341}
  m_Enabled: 1
  m_EditorHideFlags: 0
  m_Script: {fileID: 11500000, guid: f8639183766394176830637494f32fbf, type: 3}
  m_Name: 
  m_EditorClassIdentifier: 
--- !u!114 &1386415534
MonoBehaviour:
  m_ObjectHideFlags: 0
  m_CorrespondingSourceObject: {fileID: 0}
  m_PrefabInstance: {fileID: 0}
  m_PrefabAsset: {fileID: 0}
  m_GameObject: {fileID: 3080225362363020599}
  m_Enabled: 1
  m_EditorHideFlags: 0
  m_Script: {fileID: 11500000, guid: f8639183766394176830637494f32fbf, type: 3}
  m_Name: 
  m_EditorClassIdentifier: 
--- !u!114 &1386415546
MonoBehaviour:
  m_ObjectHideFlags: 0
  m_CorrespondingSourceObject: {fileID: 0}
  m_PrefabInstance: {fileID: 0}
  m_PrefabAsset: {fileID: 0}
  m_GameObject: {fileID: 3182462906900662006}
  m_Enabled: 1
  m_EditorHideFlags: 0
  m_Script: {fileID: 11500000, guid: f8639183766394176830637494f32fbf, type: 3}
  m_Name: 
  m_EditorClassIdentifier: 
--- !u!114 &1386415509
MonoBehaviour:
  m_ObjectHideFlags: 0
  m_CorrespondingSourceObject: {fileID: 0}
  m_PrefabInstance: {fileID: 0}
  m_PrefabAsset: {fileID: 0}
  m_GameObject: {fileID: 3445155301634391408}
  m_Enabled: 1
  m_EditorHideFlags: 0
  m_Script: {fileID: 11500000, guid: f8639183766394176830637494f32fbf, type: 3}
  m_Name: 
  m_EditorClassIdentifier: 
--- !u!114 &1386415500
MonoBehaviour:
  m_ObjectHideFlags: 0
  m_CorrespondingSourceObject: {fileID: 0}
  m_PrefabInstance: {fileID: 0}
  m_PrefabAsset: {fileID: 0}
  m_GameObject: {fileID: 3500486881518142694}
  m_Enabled: 1
  m_EditorHideFlags: 0
  m_Script: {fileID: 11500000, guid: f8639183766394176830637494f32fbf, type: 3}
  m_Name: 
  m_EditorClassIdentifier: 
--- !u!114 &1386415541
MonoBehaviour:
  m_ObjectHideFlags: 0
  m_CorrespondingSourceObject: {fileID: 0}
  m_PrefabInstance: {fileID: 0}
  m_PrefabAsset: {fileID: 0}
  m_GameObject: {fileID: 4133507399458325988}
  m_Enabled: 1
  m_EditorHideFlags: 0
  m_Script: {fileID: 11500000, guid: f8639183766394176830637494f32fbf, type: 3}
  m_Name: 
  m_EditorClassIdentifier: 
--- !u!114 &1386415507
MonoBehaviour:
  m_ObjectHideFlags: 0
  m_CorrespondingSourceObject: {fileID: 0}
  m_PrefabInstance: {fileID: 0}
  m_PrefabAsset: {fileID: 0}
  m_GameObject: {fileID: 4185937709121047549}
  m_Enabled: 1
  m_EditorHideFlags: 0
  m_Script: {fileID: 11500000, guid: f8639183766394176830637494f32fbf, type: 3}
  m_Name: 
  m_EditorClassIdentifier: 
--- !u!114 &1386415544
MonoBehaviour:
  m_ObjectHideFlags: 0
  m_CorrespondingSourceObject: {fileID: 0}
  m_PrefabInstance: {fileID: 0}
  m_PrefabAsset: {fileID: 0}
  m_GameObject: {fileID: 4346399488142333948}
  m_Enabled: 1
  m_EditorHideFlags: 0
  m_Script: {fileID: 11500000, guid: f8639183766394176830637494f32fbf, type: 3}
  m_Name: 
  m_EditorClassIdentifier: 
--- !u!114 &1386415532
MonoBehaviour:
  m_ObjectHideFlags: 0
  m_CorrespondingSourceObject: {fileID: 0}
  m_PrefabInstance: {fileID: 0}
  m_PrefabAsset: {fileID: 0}
  m_GameObject: {fileID: 4425100318104625462}
  m_Enabled: 1
  m_EditorHideFlags: 0
  m_Script: {fileID: 11500000, guid: f8639183766394176830637494f32fbf, type: 3}
  m_Name: 
  m_EditorClassIdentifier: 
--- !u!114 &1386415526
MonoBehaviour:
  m_ObjectHideFlags: 0
  m_CorrespondingSourceObject: {fileID: 0}
  m_PrefabInstance: {fileID: 0}
  m_PrefabAsset: {fileID: 0}
  m_GameObject: {fileID: 4441351163582513681}
  m_Enabled: 1
  m_EditorHideFlags: 0
  m_Script: {fileID: 11500000, guid: f8639183766394176830637494f32fbf, type: 3}
  m_Name: 
  m_EditorClassIdentifier: 
--- !u!114 &1386415531
MonoBehaviour:
  m_ObjectHideFlags: 0
  m_CorrespondingSourceObject: {fileID: 0}
  m_PrefabInstance: {fileID: 0}
  m_PrefabAsset: {fileID: 0}
  m_GameObject: {fileID: 4442335872069908557}
  m_Enabled: 1
  m_EditorHideFlags: 0
  m_Script: {fileID: 11500000, guid: f8639183766394176830637494f32fbf, type: 3}
  m_Name: 
  m_EditorClassIdentifier: 
--- !u!114 &1386415538
MonoBehaviour:
  m_ObjectHideFlags: 0
  m_CorrespondingSourceObject: {fileID: 0}
  m_PrefabInstance: {fileID: 0}
  m_PrefabAsset: {fileID: 0}
  m_GameObject: {fileID: 4583637891322111019}
  m_Enabled: 1
  m_EditorHideFlags: 0
  m_Script: {fileID: 11500000, guid: f8639183766394176830637494f32fbf, type: 3}
  m_Name: 
  m_EditorClassIdentifier: 
--- !u!114 &1386415499
MonoBehaviour:
  m_ObjectHideFlags: 0
  m_CorrespondingSourceObject: {fileID: 0}
  m_PrefabInstance: {fileID: 0}
  m_PrefabAsset: {fileID: 0}
  m_GameObject: {fileID: 4669523626216780311}
  m_Enabled: 1
  m_EditorHideFlags: 0
  m_Script: {fileID: 11500000, guid: f8639183766394176830637494f32fbf, type: 3}
  m_Name: 
  m_EditorClassIdentifier: 
--- !u!114 &1386415521
MonoBehaviour:
  m_ObjectHideFlags: 0
  m_CorrespondingSourceObject: {fileID: 0}
  m_PrefabInstance: {fileID: 0}
  m_PrefabAsset: {fileID: 0}
  m_GameObject: {fileID: 4774648100803832264}
  m_Enabled: 1
  m_EditorHideFlags: 0
  m_Script: {fileID: 11500000, guid: f8639183766394176830637494f32fbf, type: 3}
  m_Name: 
  m_EditorClassIdentifier: 
--- !u!114 &1386415501
MonoBehaviour:
  m_ObjectHideFlags: 0
  m_CorrespondingSourceObject: {fileID: 0}
  m_PrefabInstance: {fileID: 0}
  m_PrefabAsset: {fileID: 0}
  m_GameObject: {fileID: 4786178834639164374}
  m_Enabled: 1
  m_EditorHideFlags: 0
  m_Script: {fileID: 11500000, guid: f8639183766394176830637494f32fbf, type: 3}
  m_Name: 
  m_EditorClassIdentifier: 
--- !u!114 &1386415520
MonoBehaviour:
  m_ObjectHideFlags: 0
  m_CorrespondingSourceObject: {fileID: 0}
  m_PrefabInstance: {fileID: 0}
  m_PrefabAsset: {fileID: 0}
  m_GameObject: {fileID: 4863445885310937776}
  m_Enabled: 1
  m_EditorHideFlags: 0
  m_Script: {fileID: 11500000, guid: f8639183766394176830637494f32fbf, type: 3}
  m_Name: 
  m_EditorClassIdentifier: 
--- !u!114 &1386415504
MonoBehaviour:
  m_ObjectHideFlags: 0
  m_CorrespondingSourceObject: {fileID: 0}
  m_PrefabInstance: {fileID: 0}
  m_PrefabAsset: {fileID: 0}
  m_GameObject: {fileID: 4908545676145649609}
  m_Enabled: 1
  m_EditorHideFlags: 0
  m_Script: {fileID: 11500000, guid: f8639183766394176830637494f32fbf, type: 3}
  m_Name: 
  m_EditorClassIdentifier: 
--- !u!114 &1386415511
MonoBehaviour:
  m_ObjectHideFlags: 0
  m_CorrespondingSourceObject: {fileID: 0}
  m_PrefabInstance: {fileID: 0}
  m_PrefabAsset: {fileID: 0}
  m_GameObject: {fileID: 5715315399356974789}
  m_Enabled: 1
  m_EditorHideFlags: 0
  m_Script: {fileID: 11500000, guid: f8639183766394176830637494f32fbf, type: 3}
  m_Name: 
  m_EditorClassIdentifier: 
--- !u!114 &1386415529
MonoBehaviour:
  m_ObjectHideFlags: 0
  m_CorrespondingSourceObject: {fileID: 0}
  m_PrefabInstance: {fileID: 0}
  m_PrefabAsset: {fileID: 0}
  m_GameObject: {fileID: 5955402755365373299}
  m_Enabled: 1
  m_EditorHideFlags: 0
  m_Script: {fileID: 11500000, guid: f8639183766394176830637494f32fbf, type: 3}
  m_Name: 
  m_EditorClassIdentifier: 
--- !u!114 &1386415524
MonoBehaviour:
  m_ObjectHideFlags: 0
  m_CorrespondingSourceObject: {fileID: 0}
  m_PrefabInstance: {fileID: 0}
  m_PrefabAsset: {fileID: 0}
  m_GameObject: {fileID: 6548855138333216288}
  m_Enabled: 1
  m_EditorHideFlags: 0
  m_Script: {fileID: 11500000, guid: f8639183766394176830637494f32fbf, type: 3}
  m_Name: 
  m_EditorClassIdentifier: 
--- !u!114 &1386415508
MonoBehaviour:
  m_ObjectHideFlags: 0
  m_CorrespondingSourceObject: {fileID: 0}
  m_PrefabInstance: {fileID: 0}
  m_PrefabAsset: {fileID: 0}
  m_GameObject: {fileID: 6569720658367590814}
  m_Enabled: 1
  m_EditorHideFlags: 0
  m_Script: {fileID: 11500000, guid: f8639183766394176830637494f32fbf, type: 3}
  m_Name: 
  m_EditorClassIdentifier: 
--- !u!114 &1386415527
MonoBehaviour:
  m_ObjectHideFlags: 0
  m_CorrespondingSourceObject: {fileID: 0}
  m_PrefabInstance: {fileID: 0}
  m_PrefabAsset: {fileID: 0}
  m_GameObject: {fileID: 6808964833337801375}
  m_Enabled: 1
  m_EditorHideFlags: 0
  m_Script: {fileID: 11500000, guid: f8639183766394176830637494f32fbf, type: 3}
  m_Name: 
  m_EditorClassIdentifier: 
--- !u!1 &7335475845649019500
GameObject:
  m_ObjectHideFlags: 0
  m_CorrespondingSourceObject: {fileID: 0}
  m_PrefabInstance: {fileID: 0}
  m_PrefabAsset: {fileID: 0}
  serializedVersion: 6
  m_Component:
  - component: {fileID: 7335475845649019494}
  m_Layer: 0
  m_Name: FullertonScene
  m_TagString: Untagged
  m_Icon: {fileID: 0}
  m_NavMeshLayer: 0
  m_StaticEditorFlags: 0
  m_IsActive: 1
--- !u!4 &7335475845649019494
Transform:
  m_ObjectHideFlags: 0
  m_CorrespondingSourceObject: {fileID: 0}
  m_PrefabInstance: {fileID: 0}
  m_PrefabAsset: {fileID: 0}
  m_GameObject: {fileID: 7335475845649019500}
  m_LocalRotation: {x: 0, y: 0, z: 0, w: 1}
  m_LocalPosition: {x: 0, y: 0, z: 0}
  m_LocalScale: {x: 0.9, y: 0.9, z: 0.9}
  m_Children:
  - {fileID: 2357190906850356152}
  - {fileID: 2357190907253028369}
  m_Father: {fileID: 0}
  m_RootOrder: 0
  m_LocalEulerAnglesHint: {x: 0, y: 0, z: 0}
--- !u!114 &1386415540
MonoBehaviour:
  m_ObjectHideFlags: 0
  m_CorrespondingSourceObject: {fileID: 0}
  m_PrefabInstance: {fileID: 0}
  m_PrefabAsset: {fileID: 0}
  m_GameObject: {fileID: 7365689035660731667}
  m_Enabled: 1
  m_EditorHideFlags: 0
  m_Script: {fileID: 11500000, guid: f8639183766394176830637494f32fbf, type: 3}
  m_Name: 
  m_EditorClassIdentifier: 
--- !u!114 &1386415503
MonoBehaviour:
  m_ObjectHideFlags: 0
  m_CorrespondingSourceObject: {fileID: 0}
  m_PrefabInstance: {fileID: 0}
  m_PrefabAsset: {fileID: 0}
  m_GameObject: {fileID: 7529188714800400985}
  m_Enabled: 1
  m_EditorHideFlags: 0
  m_Script: {fileID: 11500000, guid: f8639183766394176830637494f32fbf, type: 3}
  m_Name: 
  m_EditorClassIdentifier: 
--- !u!114 &1386415537
MonoBehaviour:
  m_ObjectHideFlags: 0
  m_CorrespondingSourceObject: {fileID: 0}
  m_PrefabInstance: {fileID: 0}
  m_PrefabAsset: {fileID: 0}
  m_GameObject: {fileID: 7659892688366940685}
  m_Enabled: 1
  m_EditorHideFlags: 0
  m_Script: {fileID: 11500000, guid: f8639183766394176830637494f32fbf, type: 3}
  m_Name: 
  m_EditorClassIdentifier: 
--- !u!114 &1386415516
MonoBehaviour:
  m_ObjectHideFlags: 0
  m_CorrespondingSourceObject: {fileID: 0}
  m_PrefabInstance: {fileID: 0}
  m_PrefabAsset: {fileID: 0}
  m_GameObject: {fileID: 7786021464122887770}
  m_Enabled: 1
  m_EditorHideFlags: 0
  m_Script: {fileID: 11500000, guid: f8639183766394176830637494f32fbf, type: 3}
  m_Name: 
  m_EditorClassIdentifier: 
--- !u!114 &1386415517
MonoBehaviour:
  m_ObjectHideFlags: 0
  m_CorrespondingSourceObject: {fileID: 0}
  m_PrefabInstance: {fileID: 0}
  m_PrefabAsset: {fileID: 0}
  m_GameObject: {fileID: 7999399416365854536}
  m_Enabled: 1
  m_EditorHideFlags: 0
  m_Script: {fileID: 11500000, guid: f8639183766394176830637494f32fbf, type: 3}
  m_Name: 
  m_EditorClassIdentifier: 
--- !u!114 &1386415513
MonoBehaviour:
  m_ObjectHideFlags: 0
  m_CorrespondingSourceObject: {fileID: 0}
  m_PrefabInstance: {fileID: 0}
  m_PrefabAsset: {fileID: 0}
  m_GameObject: {fileID: 8057763498479173320}
  m_Enabled: 1
  m_EditorHideFlags: 0
  m_Script: {fileID: 11500000, guid: f8639183766394176830637494f32fbf, type: 3}
  m_Name: 
  m_EditorClassIdentifier: 
--- !u!114 &1386415518
MonoBehaviour:
  m_ObjectHideFlags: 0
  m_CorrespondingSourceObject: {fileID: 0}
  m_PrefabInstance: {fileID: 0}
  m_PrefabAsset: {fileID: 0}
  m_GameObject: {fileID: 8190830474452595996}
  m_Enabled: 1
  m_EditorHideFlags: 0
  m_Script: {fileID: 11500000, guid: f8639183766394176830637494f32fbf, type: 3}
  m_Name: 
  m_EditorClassIdentifier: 
--- !u!114 &1386415505
MonoBehaviour:
  m_ObjectHideFlags: 0
  m_CorrespondingSourceObject: {fileID: 0}
  m_PrefabInstance: {fileID: 0}
  m_PrefabAsset: {fileID: 0}
  m_GameObject: {fileID: 8597872100710174962}
  m_Enabled: 1
  m_EditorHideFlags: 0
  m_Script: {fileID: 11500000, guid: f8639183766394176830637494f32fbf, type: 3}
  m_Name: 
  m_EditorClassIdentifier: 
--- !u!114 &1386415515
MonoBehaviour:
  m_ObjectHideFlags: 0
  m_CorrespondingSourceObject: {fileID: 0}
  m_PrefabInstance: {fileID: 0}
  m_PrefabAsset: {fileID: 0}
  m_GameObject: {fileID: 8641724250876073362}
  m_Enabled: 1
  m_EditorHideFlags: 0
  m_Script: {fileID: 11500000, guid: f8639183766394176830637494f32fbf, type: 3}
  m_Name: 
  m_EditorClassIdentifier: 
--- !u!114 &1386415535
MonoBehaviour:
  m_ObjectHideFlags: 0
  m_CorrespondingSourceObject: {fileID: 0}
  m_PrefabInstance: {fileID: 0}
  m_PrefabAsset: {fileID: 0}
  m_GameObject: {fileID: 8645949663719578840}
  m_Enabled: 1
  m_EditorHideFlags: 0
  m_Script: {fileID: 11500000, guid: f8639183766394176830637494f32fbf, type: 3}
  m_Name: 
  m_EditorClassIdentifier: 
--- !u!114 &1386415510
MonoBehaviour:
  m_ObjectHideFlags: 0
  m_CorrespondingSourceObject: {fileID: 0}
  m_PrefabInstance: {fileID: 0}
  m_PrefabAsset: {fileID: 0}
  m_GameObject: {fileID: 8667666738417451902}
  m_Enabled: 1
  m_EditorHideFlags: 0
  m_Script: {fileID: 11500000, guid: f8639183766394176830637494f32fbf, type: 3}
  m_Name: 
  m_EditorClassIdentifier: 
--- !u!114 &1386415543
MonoBehaviour:
  m_ObjectHideFlags: 0
  m_CorrespondingSourceObject: {fileID: 0}
  m_PrefabInstance: {fileID: 0}
  m_PrefabAsset: {fileID: 0}
  m_GameObject: {fileID: 8809244877460343061}
  m_Enabled: 1
  m_EditorHideFlags: 0
  m_Script: {fileID: 11500000, guid: f8639183766394176830637494f32fbf, type: 3}
  m_Name: 
  m_EditorClassIdentifier: 
--- !u!114 &1386415542
MonoBehaviour:
  m_ObjectHideFlags: 0
  m_CorrespondingSourceObject: {fileID: 0}
  m_PrefabInstance: {fileID: 0}
  m_PrefabAsset: {fileID: 0}
  m_GameObject: {fileID: 8900820905272544952}
  m_Enabled: 1
  m_EditorHideFlags: 0
  m_Script: {fileID: 11500000, guid: f8639183766394176830637494f32fbf, type: 3}
  m_Name: 
  m_EditorClassIdentifier: 
--- !u!114 &1386415523
MonoBehaviour:
  m_ObjectHideFlags: 0
  m_CorrespondingSourceObject: {fileID: 0}
  m_PrefabInstance: {fileID: 0}
  m_PrefabAsset: {fileID: 0}
  m_GameObject: {fileID: 8907147102698088147}
  m_Enabled: 1
  m_EditorHideFlags: 0
  m_Script: {fileID: 11500000, guid: f8639183766394176830637494f32fbf, type: 3}
  m_Name: 
  m_EditorClassIdentifier: 
--- !u!1001 &7335475845257035938
PrefabInstance:
  m_ObjectHideFlags: 0
  serializedVersion: 2
  m_Modification:
    m_TransformParent: {fileID: 7335475845649019494}
    m_Modifications:
    - target: {fileID: -6778215684500185067, guid: 91e51ec476e018b43b668d155b4743fd,
        type: 3}
      propertyPath: m_Materials.Array.data[0]
      value: 
      objectReference: {fileID: 2100000, guid: 1c725b82398eed14887c281d87ce9a02, type: 2}
    - target: {fileID: -6778215684500185067, guid: 91e51ec476e018b43b668d155b4743fd,
        type: 3}
      propertyPath: m_Materials.Array.data[1]
      value: 
      objectReference: {fileID: 2100000, guid: 36bd3035bdfee1647826b49f36be1a85, type: 2}
    - target: {fileID: -6778215684500185067, guid: 91e51ec476e018b43b668d155b4743fd,
        type: 3}
      propertyPath: m_Materials.Array.data[2]
      value: 
      objectReference: {fileID: 2100000, guid: 1c79002475059a049b2cd93a7b84b720, type: 2}
    - target: {fileID: -4216859302048453862, guid: 91e51ec476e018b43b668d155b4743fd,
        type: 3}
      propertyPath: m_LocalPosition.x
      value: 0
      objectReference: {fileID: 0}
    - target: {fileID: -4216859302048453862, guid: 91e51ec476e018b43b668d155b4743fd,
        type: 3}
      propertyPath: m_LocalPosition.y
      value: 0
      objectReference: {fileID: 0}
    - target: {fileID: -4216859302048453862, guid: 91e51ec476e018b43b668d155b4743fd,
        type: 3}
      propertyPath: m_LocalPosition.z
      value: 0
      objectReference: {fileID: 0}
    - target: {fileID: -4216859302048453862, guid: 91e51ec476e018b43b668d155b4743fd,
        type: 3}
      propertyPath: m_LocalRotation.x
      value: 0
      objectReference: {fileID: 0}
    - target: {fileID: -4216859302048453862, guid: 91e51ec476e018b43b668d155b4743fd,
        type: 3}
      propertyPath: m_LocalRotation.y
      value: 1
      objectReference: {fileID: 0}
    - target: {fileID: -4216859302048453862, guid: 91e51ec476e018b43b668d155b4743fd,
        type: 3}
      propertyPath: m_LocalRotation.z
      value: 0
      objectReference: {fileID: 0}
    - target: {fileID: -4216859302048453862, guid: 91e51ec476e018b43b668d155b4743fd,
        type: 3}
      propertyPath: m_LocalRotation.w
      value: 0
      objectReference: {fileID: 0}
    - target: {fileID: -4216859302048453862, guid: 91e51ec476e018b43b668d155b4743fd,
        type: 3}
      propertyPath: m_RootOrder
      value: 0
      objectReference: {fileID: 0}
    - target: {fileID: -4216859302048453862, guid: 91e51ec476e018b43b668d155b4743fd,
        type: 3}
      propertyPath: m_LocalEulerAnglesHint.x
      value: 0
      objectReference: {fileID: 0}
    - target: {fileID: -4216859302048453862, guid: 91e51ec476e018b43b668d155b4743fd,
        type: 3}
      propertyPath: m_LocalEulerAnglesHint.y
      value: 180
      objectReference: {fileID: 0}
    - target: {fileID: -4216859302048453862, guid: 91e51ec476e018b43b668d155b4743fd,
        type: 3}
      propertyPath: m_LocalEulerAnglesHint.z
      value: 0
      objectReference: {fileID: 0}
    - target: {fileID: -4216859302048453862, guid: 91e51ec476e018b43b668d155b4743fd,
        type: 3}
      propertyPath: m_LocalScale.x
      value: 0.1
      objectReference: {fileID: 0}
    - target: {fileID: -4216859302048453862, guid: 91e51ec476e018b43b668d155b4743fd,
        type: 3}
      propertyPath: m_LocalScale.y
      value: 0.1
      objectReference: {fileID: 0}
    - target: {fileID: -4216859302048453862, guid: 91e51ec476e018b43b668d155b4743fd,
        type: 3}
      propertyPath: m_LocalScale.z
      value: 0.1
      objectReference: {fileID: 0}
    - target: {fileID: -927199367670048503, guid: 91e51ec476e018b43b668d155b4743fd,
        type: 3}
      propertyPath: m_Name
      value: Fullerton_low
      objectReference: {fileID: 0}
    - target: {fileID: -353252494140670466, guid: 91e51ec476e018b43b668d155b4743fd,
        type: 3}
      propertyPath: m_Materials.Array.data[0]
      value: 
      objectReference: {fileID: 2100000, guid: 28b3d0eb2f4351842bbd7bc825de0f41, type: 2}
    - target: {fileID: 7786341035034160060, guid: 91e51ec476e018b43b668d155b4743fd,
        type: 3}
      propertyPath: m_Materials.Array.data[0]
      value: 
      objectReference: {fileID: 2100000, guid: 28b3d0eb2f4351842bbd7bc825de0f41, type: 2}
    m_RemovedComponents: []
  m_SourcePrefab: {fileID: 100100000, guid: 91e51ec476e018b43b668d155b4743fd, type: 3}
--- !u!4 &2357190906850356152 stripped
Transform:
  m_CorrespondingSourceObject: {fileID: -4216859302048453862, guid: 91e51ec476e018b43b668d155b4743fd,
    type: 3}
  m_PrefabInstance: {fileID: 7335475845257035938}
  m_PrefabAsset: {fileID: 0}
--- !u!1001 &7335475845659712779
PrefabInstance:
  m_ObjectHideFlags: 0
  serializedVersion: 2
  m_Modification:
    m_TransformParent: {fileID: 7335475845649019494}
    m_Modifications:
    - target: {fileID: -9085758538363637897, guid: 06a62d05e6810a64986de292dd88bc0f,
        type: 3}
      propertyPath: m_Materials.Array.data[0]
      value: 
      objectReference: {fileID: 2100000, guid: f9790edea5c3e4d23b89616fa7583c39, type: 2}
    - target: {fileID: -9035879637119219858, guid: 06a62d05e6810a64986de292dd88bc0f,
        type: 3}
      propertyPath: m_Materials.Array.data[0]
      value: 
      objectReference: {fileID: 2100000, guid: f9790edea5c3e4d23b89616fa7583c39, type: 2}
    - target: {fileID: -8902174609894601541, guid: 06a62d05e6810a64986de292dd88bc0f,
        type: 3}
      propertyPath: m_Materials.Array.data[0]
      value: 
      objectReference: {fileID: 2100000, guid: f9790edea5c3e4d23b89616fa7583c39, type: 2}
    - target: {fileID: -8366456067496231005, guid: 06a62d05e6810a64986de292dd88bc0f,
        type: 3}
      propertyPath: m_Materials.Array.data[0]
      value: 
      objectReference: {fileID: 2100000, guid: f9790edea5c3e4d23b89616fa7583c39, type: 2}
    - target: {fileID: -7576366529022325251, guid: 06a62d05e6810a64986de292dd88bc0f,
        type: 3}
      propertyPath: m_Materials.Array.data[0]
      value: 
      objectReference: {fileID: 2100000, guid: f9790edea5c3e4d23b89616fa7583c39, type: 2}
    - target: {fileID: -7188997822830317696, guid: 06a62d05e6810a64986de292dd88bc0f,
        type: 3}
      propertyPath: m_Materials.Array.data[0]
      value: 
      objectReference: {fileID: 2100000, guid: f9790edea5c3e4d23b89616fa7583c39, type: 2}
    - target: {fileID: -6902957901631791895, guid: 06a62d05e6810a64986de292dd88bc0f,
        type: 3}
      propertyPath: m_Materials.Array.data[0]
      value: 
      objectReference: {fileID: 2100000, guid: f9790edea5c3e4d23b89616fa7583c39, type: 2}
    - target: {fileID: -6310143428815489960, guid: 06a62d05e6810a64986de292dd88bc0f,
        type: 3}
      propertyPath: m_Materials.Array.data[0]
      value: 
      objectReference: {fileID: 2100000, guid: f9790edea5c3e4d23b89616fa7583c39, type: 2}
    - target: {fileID: -5425197095913973852, guid: 06a62d05e6810a64986de292dd88bc0f,
        type: 3}
      propertyPath: m_Materials.Array.data[0]
      value: 
      objectReference: {fileID: 2100000, guid: f9790edea5c3e4d23b89616fa7583c39, type: 2}
    - target: {fileID: -5162409607010496292, guid: 06a62d05e6810a64986de292dd88bc0f,
        type: 3}
      propertyPath: m_Materials.Array.data[0]
      value: 
      objectReference: {fileID: 2100000, guid: f9790edea5c3e4d23b89616fa7583c39, type: 2}
    - target: {fileID: -4824089997770810947, guid: 06a62d05e6810a64986de292dd88bc0f,
        type: 3}
      propertyPath: m_Materials.Array.data[0]
      value: 
      objectReference: {fileID: 2100000, guid: f9790edea5c3e4d23b89616fa7583c39, type: 2}
    - target: {fileID: -4764846958471929870, guid: 06a62d05e6810a64986de292dd88bc0f,
        type: 3}
      propertyPath: m_Materials.Array.data[0]
      value: 
      objectReference: {fileID: 2100000, guid: f9790edea5c3e4d23b89616fa7583c39, type: 2}
    - target: {fileID: -4729458894899332947, guid: 06a62d05e6810a64986de292dd88bc0f,
        type: 3}
      propertyPath: m_Materials.Array.data[0]
      value: 
      objectReference: {fileID: 2100000, guid: f9790edea5c3e4d23b89616fa7583c39, type: 2}
    - target: {fileID: -4216859302048453862, guid: 06a62d05e6810a64986de292dd88bc0f,
        type: 3}
      propertyPath: m_LocalPosition.x
      value: 0
      objectReference: {fileID: 0}
    - target: {fileID: -4216859302048453862, guid: 06a62d05e6810a64986de292dd88bc0f,
        type: 3}
      propertyPath: m_LocalPosition.y
      value: 0
      objectReference: {fileID: 0}
    - target: {fileID: -4216859302048453862, guid: 06a62d05e6810a64986de292dd88bc0f,
        type: 3}
      propertyPath: m_LocalPosition.z
      value: 0
      objectReference: {fileID: 0}
    - target: {fileID: -4216859302048453862, guid: 06a62d05e6810a64986de292dd88bc0f,
        type: 3}
      propertyPath: m_LocalRotation.x
      value: -0
      objectReference: {fileID: 0}
    - target: {fileID: -4216859302048453862, guid: 06a62d05e6810a64986de292dd88bc0f,
        type: 3}
      propertyPath: m_LocalRotation.y
      value: 1
      objectReference: {fileID: 0}
    - target: {fileID: -4216859302048453862, guid: 06a62d05e6810a64986de292dd88bc0f,
        type: 3}
      propertyPath: m_LocalRotation.z
      value: -0
      objectReference: {fileID: 0}
    - target: {fileID: -4216859302048453862, guid: 06a62d05e6810a64986de292dd88bc0f,
        type: 3}
      propertyPath: m_LocalRotation.w
      value: 0
      objectReference: {fileID: 0}
    - target: {fileID: -4216859302048453862, guid: 06a62d05e6810a64986de292dd88bc0f,
        type: 3}
      propertyPath: m_RootOrder
      value: 1
      objectReference: {fileID: 0}
    - target: {fileID: -4216859302048453862, guid: 06a62d05e6810a64986de292dd88bc0f,
        type: 3}
      propertyPath: m_LocalEulerAnglesHint.x
      value: 0
      objectReference: {fileID: 0}
    - target: {fileID: -4216859302048453862, guid: 06a62d05e6810a64986de292dd88bc0f,
        type: 3}
      propertyPath: m_LocalEulerAnglesHint.y
      value: 0
      objectReference: {fileID: 0}
    - target: {fileID: -4216859302048453862, guid: 06a62d05e6810a64986de292dd88bc0f,
        type: 3}
      propertyPath: m_LocalEulerAnglesHint.z
      value: 0
      objectReference: {fileID: 0}
    - target: {fileID: -4216859302048453862, guid: 06a62d05e6810a64986de292dd88bc0f,
        type: 3}
      propertyPath: m_LocalScale.x
      value: 0.1
      objectReference: {fileID: 0}
    - target: {fileID: -4216859302048453862, guid: 06a62d05e6810a64986de292dd88bc0f,
        type: 3}
      propertyPath: m_LocalScale.y
      value: 0.1
      objectReference: {fileID: 0}
    - target: {fileID: -4216859302048453862, guid: 06a62d05e6810a64986de292dd88bc0f,
        type: 3}
      propertyPath: m_LocalScale.z
      value: 0.1
      objectReference: {fileID: 0}
    - target: {fileID: -4179578888107938862, guid: 06a62d05e6810a64986de292dd88bc0f,
        type: 3}
      propertyPath: m_Materials.Array.data[0]
      value: 
      objectReference: {fileID: 2100000, guid: f9790edea5c3e4d23b89616fa7583c39, type: 2}
    - target: {fileID: -3689097911069572520, guid: 06a62d05e6810a64986de292dd88bc0f,
        type: 3}
      propertyPath: m_Materials.Array.data[0]
      value: 
      objectReference: {fileID: 2100000, guid: f9790edea5c3e4d23b89616fa7583c39, type: 2}
    - target: {fileID: -2989627848969974608, guid: 06a62d05e6810a64986de292dd88bc0f,
        type: 3}
      propertyPath: m_Materials.Array.data[0]
      value: 
      objectReference: {fileID: 2100000, guid: f9790edea5c3e4d23b89616fa7583c39, type: 2}
    - target: {fileID: -2093625070146117114, guid: 06a62d05e6810a64986de292dd88bc0f,
        type: 3}
      propertyPath: m_Materials.Array.data[0]
      value: 
      objectReference: {fileID: 2100000, guid: f9790edea5c3e4d23b89616fa7583c39, type: 2}
    - target: {fileID: -2087607666654810480, guid: 06a62d05e6810a64986de292dd88bc0f,
        type: 3}
      propertyPath: m_Materials.Array.data[0]
      value: 
      objectReference: {fileID: 2100000, guid: f9790edea5c3e4d23b89616fa7583c39, type: 2}
    - target: {fileID: -2051085081574776329, guid: 06a62d05e6810a64986de292dd88bc0f,
        type: 3}
      propertyPath: m_Materials.Array.data[0]
      value: 
      objectReference: {fileID: 2100000, guid: f9790edea5c3e4d23b89616fa7583c39, type: 2}
    - target: {fileID: -1795107730027888718, guid: 06a62d05e6810a64986de292dd88bc0f,
        type: 3}
      propertyPath: m_Materials.Array.data[0]
      value: 
      objectReference: {fileID: 2100000, guid: f9790edea5c3e4d23b89616fa7583c39, type: 2}
    - target: {fileID: -1425816606334335714, guid: 06a62d05e6810a64986de292dd88bc0f,
        type: 3}
      propertyPath: m_Materials.Array.data[0]
      value: 
      objectReference: {fileID: 2100000, guid: f9790edea5c3e4d23b89616fa7583c39, type: 2}
    - target: {fileID: -927199367670048503, guid: 06a62d05e6810a64986de292dd88bc0f,
        type: 3}
      propertyPath: m_Name
      value: Fullerton_char
      objectReference: {fileID: 0}
    - target: {fileID: -728650580384287668, guid: 06a62d05e6810a64986de292dd88bc0f,
        type: 3}
      propertyPath: m_Materials.Array.data[0]
      value: 
      objectReference: {fileID: 2100000, guid: f9790edea5c3e4d23b89616fa7583c39, type: 2}
    - target: {fileID: -146456821766092816, guid: 06a62d05e6810a64986de292dd88bc0f,
        type: 3}
      propertyPath: m_Materials.Array.data[0]
      value: 
      objectReference: {fileID: 2100000, guid: f9790edea5c3e4d23b89616fa7583c39, type: 2}
    - target: {fileID: 5081606815820197, guid: 06a62d05e6810a64986de292dd88bc0f, type: 3}
      propertyPath: m_Materials.Array.data[0]
      value: 
      objectReference: {fileID: 2100000, guid: f9790edea5c3e4d23b89616fa7583c39, type: 2}
    - target: {fileID: 66501698745966521, guid: 06a62d05e6810a64986de292dd88bc0f,
        type: 3}
      propertyPath: m_Materials.Array.data[0]
      value: 
      objectReference: {fileID: 2100000, guid: f9790edea5c3e4d23b89616fa7583c39, type: 2}
    - target: {fileID: 515149887006896523, guid: 06a62d05e6810a64986de292dd88bc0f,
        type: 3}
      propertyPath: m_Materials.Array.data[0]
      value: 
      objectReference: {fileID: 2100000, guid: f9790edea5c3e4d23b89616fa7583c39, type: 2}
    - target: {fileID: 1722453719140834808, guid: 06a62d05e6810a64986de292dd88bc0f,
        type: 3}
      propertyPath: m_Materials.Array.data[0]
      value: 
      objectReference: {fileID: 2100000, guid: f9790edea5c3e4d23b89616fa7583c39, type: 2}
    - target: {fileID: 1927395785159268949, guid: 06a62d05e6810a64986de292dd88bc0f,
        type: 3}
      propertyPath: m_Materials.Array.data[0]
      value: 
      objectReference: {fileID: 2100000, guid: f9790edea5c3e4d23b89616fa7583c39, type: 2}
    - target: {fileID: 1994845430042802722, guid: 06a62d05e6810a64986de292dd88bc0f,
        type: 3}
      propertyPath: m_Materials.Array.data[0]
      value: 
      objectReference: {fileID: 2100000, guid: f9790edea5c3e4d23b89616fa7583c39, type: 2}
    - target: {fileID: 2554824321613020337, guid: 06a62d05e6810a64986de292dd88bc0f,
        type: 3}
      propertyPath: m_Materials.Array.data[0]
      value: 
      objectReference: {fileID: 2100000, guid: f9790edea5c3e4d23b89616fa7583c39, type: 2}
    - target: {fileID: 2718152955561381627, guid: 06a62d05e6810a64986de292dd88bc0f,
        type: 3}
      propertyPath: m_Materials.Array.data[0]
      value: 
      objectReference: {fileID: 2100000, guid: f9790edea5c3e4d23b89616fa7583c39, type: 2}
    - target: {fileID: 2909922268568596623, guid: 06a62d05e6810a64986de292dd88bc0f,
        type: 3}
      propertyPath: m_Materials.Array.data[0]
      value: 
      objectReference: {fileID: 2100000, guid: f9790edea5c3e4d23b89616fa7583c39, type: 2}
    - target: {fileID: 3546789924179455642, guid: 06a62d05e6810a64986de292dd88bc0f,
        type: 3}
      propertyPath: m_Materials.Array.data[0]
      value: 
      objectReference: {fileID: 2100000, guid: f9790edea5c3e4d23b89616fa7583c39, type: 2}
    - target: {fileID: 3832429292397247453, guid: 06a62d05e6810a64986de292dd88bc0f,
        type: 3}
      propertyPath: m_Materials.Array.data[0]
      value: 
      objectReference: {fileID: 2100000, guid: f9790edea5c3e4d23b89616fa7583c39, type: 2}
    - target: {fileID: 3865324118724836259, guid: 06a62d05e6810a64986de292dd88bc0f,
        type: 3}
      propertyPath: m_Materials.Array.data[0]
      value: 
      objectReference: {fileID: 2100000, guid: f9790edea5c3e4d23b89616fa7583c39, type: 2}
    - target: {fileID: 4027931942798142569, guid: 06a62d05e6810a64986de292dd88bc0f,
        type: 3}
      propertyPath: m_Materials.Array.data[0]
      value: 
      objectReference: {fileID: 2100000, guid: f9790edea5c3e4d23b89616fa7583c39, type: 2}
    - target: {fileID: 4469457051957686040, guid: 06a62d05e6810a64986de292dd88bc0f,
        type: 3}
      propertyPath: m_Materials.Array.data[0]
      value: 
      objectReference: {fileID: 2100000, guid: f9790edea5c3e4d23b89616fa7583c39, type: 2}
    - target: {fileID: 4523638163529172385, guid: 06a62d05e6810a64986de292dd88bc0f,
        type: 3}
      propertyPath: m_Materials.Array.data[0]
      value: 
      objectReference: {fileID: 2100000, guid: f9790edea5c3e4d23b89616fa7583c39, type: 2}
    - target: {fileID: 4574414090214090821, guid: 06a62d05e6810a64986de292dd88bc0f,
        type: 3}
      propertyPath: m_Materials.Array.data[0]
      value: 
      objectReference: {fileID: 2100000, guid: f9790edea5c3e4d23b89616fa7583c39, type: 2}
    - target: {fileID: 4718350580179873665, guid: 06a62d05e6810a64986de292dd88bc0f,
        type: 3}
      propertyPath: m_Materials.Array.data[0]
      value: 
      objectReference: {fileID: 2100000, guid: f9790edea5c3e4d23b89616fa7583c39, type: 2}
    - target: {fileID: 4825080212561808445, guid: 06a62d05e6810a64986de292dd88bc0f,
        type: 3}
      propertyPath: m_Materials.Array.data[0]
      value: 
      objectReference: {fileID: 2100000, guid: f9790edea5c3e4d23b89616fa7583c39, type: 2}
    - target: {fileID: 4943557685865351178, guid: 06a62d05e6810a64986de292dd88bc0f,
        type: 3}
      propertyPath: m_Materials.Array.data[0]
      value: 
      objectReference: {fileID: 2100000, guid: f9790edea5c3e4d23b89616fa7583c39, type: 2}
    - target: {fileID: 5409790278826723208, guid: 06a62d05e6810a64986de292dd88bc0f,
        type: 3}
      propertyPath: m_Materials.Array.data[0]
      value: 
      objectReference: {fileID: 2100000, guid: f9790edea5c3e4d23b89616fa7583c39, type: 2}
    - target: {fileID: 5625241273792092582, guid: 06a62d05e6810a64986de292dd88bc0f,
        type: 3}
      propertyPath: m_Materials.Array.data[0]
      value: 
      objectReference: {fileID: 2100000, guid: f9790edea5c3e4d23b89616fa7583c39, type: 2}
    - target: {fileID: 6200501929962127743, guid: 06a62d05e6810a64986de292dd88bc0f,
        type: 3}
      propertyPath: m_Materials.Array.data[0]
      value: 
      objectReference: {fileID: 2100000, guid: f9790edea5c3e4d23b89616fa7583c39, type: 2}
    - target: {fileID: 6337348494709994421, guid: 06a62d05e6810a64986de292dd88bc0f,
        type: 3}
      propertyPath: m_Materials.Array.data[0]
      value: 
      objectReference: {fileID: 2100000, guid: f9790edea5c3e4d23b89616fa7583c39, type: 2}
    - target: {fileID: 6398977095965060765, guid: 06a62d05e6810a64986de292dd88bc0f,
        type: 3}
      propertyPath: m_Materials.Array.data[0]
      value: 
      objectReference: {fileID: 2100000, guid: f9790edea5c3e4d23b89616fa7583c39, type: 2}
    - target: {fileID: 7175860451865868312, guid: 06a62d05e6810a64986de292dd88bc0f,
        type: 3}
      propertyPath: m_Materials.Array.data[0]
      value: 
      objectReference: {fileID: 2100000, guid: f9790edea5c3e4d23b89616fa7583c39, type: 2}
    - target: {fileID: 8043128447771113898, guid: 06a62d05e6810a64986de292dd88bc0f,
        type: 3}
      propertyPath: m_Materials.Array.data[0]
      value: 
      objectReference: {fileID: 2100000, guid: f9790edea5c3e4d23b89616fa7583c39, type: 2}
    - target: {fileID: 8066937401251506780, guid: 06a62d05e6810a64986de292dd88bc0f,
        type: 3}
      propertyPath: m_Materials.Array.data[0]
      value: 
      objectReference: {fileID: 2100000, guid: f9790edea5c3e4d23b89616fa7583c39, type: 2}
    m_RemovedComponents: []
  m_SourcePrefab: {fileID: 100100000, guid: 06a62d05e6810a64986de292dd88bc0f, type: 3}
--- !u!1 &4425100318104625462 stripped
GameObject:
  m_CorrespondingSourceObject: {fileID: -2835643640890950595, guid: 06a62d05e6810a64986de292dd88bc0f,
    type: 3}
  m_PrefabInstance: {fileID: 7335475845659712779}
  m_PrefabAsset: {fileID: 0}
--- !u!1 &991657173646828621 stripped
GameObject:
  m_CorrespondingSourceObject: {fileID: -1724937375371577018, guid: 06a62d05e6810a64986de292dd88bc0f,
    type: 3}
  m_PrefabInstance: {fileID: 7335475845659712779}
  m_PrefabAsset: {fileID: 0}
--- !u!1 &2143727053672946698 stripped
GameObject:
  m_CorrespondingSourceObject: {fileID: -572849891180330751, guid: 06a62d05e6810a64986de292dd88bc0f,
    type: 3}
  m_PrefabInstance: {fileID: 7335475845659712779}
  m_PrefabAsset: {fileID: 0}
--- !u!1 &4774648100803832264 stripped
GameObject:
  m_CorrespondingSourceObject: {fileID: 2850265419164857539, guid: 06a62d05e6810a64986de292dd88bc0f,
    type: 3}
  m_PrefabInstance: {fileID: 7335475845659712779}
  m_PrefabAsset: {fileID: 0}
--- !u!1 &6548855138333216288 stripped
GameObject:
  m_CorrespondingSourceObject: {fileID: -4670534734033022165, guid: 06a62d05e6810a64986de292dd88bc0f,
    type: 3}
  m_PrefabInstance: {fileID: 7335475845659712779}
  m_PrefabAsset: {fileID: 0}
--- !u!1 &4863445885310937776 stripped
GameObject:
  m_CorrespondingSourceObject: {fileID: -6434880628247070789, guid: 06a62d05e6810a64986de292dd88bc0f,
    type: 3}
  m_PrefabInstance: {fileID: 7335475845659712779}
  m_PrefabAsset: {fileID: 0}
--- !u!1 &7365689035660731667 stripped
GameObject:
  m_CorrespondingSourceObject: {fileID: 285124588789921816, guid: 06a62d05e6810a64986de292dd88bc0f,
    type: 3}
  m_PrefabInstance: {fileID: 7335475845659712779}
  m_PrefabAsset: {fileID: 0}
--- !u!1 &1348599317204483910 stripped
GameObject:
  m_CorrespondingSourceObject: {fileID: -613624770762644915, guid: 06a62d05e6810a64986de292dd88bc0f,
    type: 3}
  m_PrefabInstance: {fileID: 7335475845659712779}
  m_PrefabAsset: {fileID: 0}
--- !u!1 &4133507399458325988 stripped
GameObject:
  m_CorrespondingSourceObject: {fileID: 6670380249800825071, guid: 06a62d05e6810a64986de292dd88bc0f,
    type: 3}
  m_PrefabInstance: {fileID: 7335475845659712779}
  m_PrefabAsset: {fileID: 0}
--- !u!1 &8190830474452595996 stripped
GameObject:
  m_CorrespondingSourceObject: {fileID: -7753100132703164393, guid: 06a62d05e6810a64986de292dd88bc0f,
    type: 3}
  m_PrefabInstance: {fileID: 7335475845659712779}
  m_PrefabAsset: {fileID: 0}
--- !u!1 &4583637891322111019 stripped
GameObject:
  m_CorrespondingSourceObject: {fileID: 6507844441620298016, guid: 06a62d05e6810a64986de292dd88bc0f,
    type: 3}
  m_PrefabInstance: {fileID: 7335475845659712779}
  m_PrefabAsset: {fileID: 0}
--- !u!1 &7999399416365854536 stripped
GameObject:
  m_CorrespondingSourceObject: {fileID: -8444448277155974589, guid: 06a62d05e6810a64986de292dd88bc0f,
    type: 3}
  m_PrefabInstance: {fileID: 7335475845659712779}
  m_PrefabAsset: {fileID: 0}
--- !u!1 &59449387619864728 stripped
GameObject:
  m_CorrespondingSourceObject: {fileID: -1936569222126432877, guid: 06a62d05e6810a64986de292dd88bc0f,
    type: 3}
  m_PrefabInstance: {fileID: 7335475845659712779}
  m_PrefabAsset: {fileID: 0}
--- !u!1 &7786021464122887770 stripped
GameObject:
  m_CorrespondingSourceObject: {fileID: 702941072453391185, guid: 06a62d05e6810a64986de292dd88bc0f,
    type: 3}
  m_PrefabInstance: {fileID: 7335475845659712779}
  m_PrefabAsset: {fileID: 0}
--- !u!1 &7659892688366940685 stripped
GameObject:
  m_CorrespondingSourceObject: {fileID: 1117384989570789126, guid: 06a62d05e6810a64986de292dd88bc0f,
    type: 3}
  m_PrefabInstance: {fileID: 7335475845659712779}
  m_PrefabAsset: {fileID: 0}
--- !u!1 &8641724250876073362 stripped
GameObject:
  m_CorrespondingSourceObject: {fileID: -7916965300789475175, guid: 06a62d05e6810a64986de292dd88bc0f,
    type: 3}
  m_PrefabInstance: {fileID: 7335475845659712779}
  m_PrefabAsset: {fileID: 0}
--- !u!1 &8907147102698088147 stripped
GameObject:
  m_CorrespondingSourceObject: {fileID: -7039034461283320872, guid: 06a62d05e6810a64986de292dd88bc0f,
    type: 3}
  m_PrefabInstance: {fileID: 7335475845659712779}
  m_PrefabAsset: {fileID: 0}
--- !u!1 &2235984183917277861 stripped
GameObject:
  m_CorrespondingSourceObject: {fileID: 8848191929440448430, guid: 06a62d05e6810a64986de292dd88bc0f,
    type: 3}
  m_PrefabInstance: {fileID: 7335475845659712779}
  m_PrefabAsset: {fileID: 0}
--- !u!1 &4441351163582513681 stripped
GameObject:
  m_CorrespondingSourceObject: {fileID: -2851340205269721318, guid: 06a62d05e6810a64986de292dd88bc0f,
    type: 3}
  m_PrefabInstance: {fileID: 7335475845659712779}
  m_PrefabAsset: {fileID: 0}
--- !u!1 &8057763498479173320 stripped
GameObject:
  m_CorrespondingSourceObject: {fileID: 729078873529312195, guid: 06a62d05e6810a64986de292dd88bc0f,
    type: 3}
  m_PrefabInstance: {fileID: 7335475845659712779}
  m_PrefabAsset: {fileID: 0}
--- !u!1 &6808964833337801375 stripped
GameObject:
  m_CorrespondingSourceObject: {fileID: 4301664534675367828, guid: 06a62d05e6810a64986de292dd88bc0f,
    type: 3}
  m_PrefabInstance: {fileID: 7335475845659712779}
  m_PrefabAsset: {fileID: 0}
--- !u!1 &1580485759928603957 stripped
GameObject:
  m_CorrespondingSourceObject: {fileID: -1142829059959764930, guid: 06a62d05e6810a64986de292dd88bc0f,
    type: 3}
  m_PrefabInstance: {fileID: 7335475845659712779}
  m_PrefabAsset: {fileID: 0}
--- !u!1 &8900820905272544952 stripped
GameObject:
  m_CorrespondingSourceObject: {fileID: 2182778103508849587, guid: 06a62d05e6810a64986de292dd88bc0f,
    type: 3}
  m_PrefabInstance: {fileID: 7335475845659712779}
  m_PrefabAsset: {fileID: 0}
--- !u!1 &5715315399356974789 stripped
GameObject:
  m_CorrespondingSourceObject: {fileID: -6152979795903816754, guid: 06a62d05e6810a64986de292dd88bc0f,
    type: 3}
  m_PrefabInstance: {fileID: 7335475845659712779}
  m_PrefabAsset: {fileID: 0}
--- !u!1 &2150260757157232350 stripped
GameObject:
  m_CorrespondingSourceObject: {fileID: -568690852666219563, guid: 06a62d05e6810a64986de292dd88bc0f,
    type: 3}
  m_PrefabInstance: {fileID: 7335475845659712779}
  m_PrefabAsset: {fileID: 0}
--- !u!1 &8667666738417451902 stripped
GameObject:
  m_CorrespondingSourceObject: {fileID: 2127216981690424949, guid: 06a62d05e6810a64986de292dd88bc0f,
    type: 3}
  m_PrefabInstance: {fileID: 7335475845659712779}
  m_PrefabAsset: {fileID: 0}
--- !u!1 &1210794806840234367 stripped
GameObject:
  m_CorrespondingSourceObject: {fileID: 8431093767411911796, guid: 06a62d05e6810a64986de292dd88bc0f,
    type: 3}
  m_PrefabInstance: {fileID: 7335475845659712779}
  m_PrefabAsset: {fileID: 0}
--- !u!1 &3445155301634391408 stripped
GameObject:
  m_CorrespondingSourceObject: {fileID: -3890127024542850949, guid: 06a62d05e6810a64986de292dd88bc0f,
    type: 3}
  m_PrefabInstance: {fileID: 7335475845659712779}
  m_PrefabAsset: {fileID: 0}
--- !u!1 &8809244877460343061 stripped
GameObject:
  m_CorrespondingSourceObject: {fileID: -6950072508972968930, guid: 06a62d05e6810a64986de292dd88bc0f,
    type: 3}
  m_PrefabInstance: {fileID: 7335475845659712779}
  m_PrefabAsset: {fileID: 0}
--- !u!1 &6569720658367590814 stripped
GameObject:
  m_CorrespondingSourceObject: {fileID: -4692594358333281131, guid: 06a62d05e6810a64986de292dd88bc0f,
    type: 3}
  m_PrefabInstance: {fileID: 7335475845659712779}
  m_PrefabAsset: {fileID: 0}
--- !u!1 &4346399488142333948 stripped
GameObject:
  m_CorrespondingSourceObject: {fileID: 6457417654145157879, guid: 06a62d05e6810a64986de292dd88bc0f,
    type: 3}
  m_PrefabInstance: {fileID: 7335475845659712779}
  m_PrefabAsset: {fileID: 0}
--- !u!1 &4185937709121047549 stripped
GameObject:
  m_CorrespondingSourceObject: {fileID: 6907299453767767798, guid: 06a62d05e6810a64986de292dd88bc0f,
    type: 3}
  m_PrefabInstance: {fileID: 7335475845659712779}
  m_PrefabAsset: {fileID: 0}
--- !u!1 &2041427937556368505 stripped
GameObject:
  m_CorrespondingSourceObject: {fileID: 8761827352408379762, guid: 06a62d05e6810a64986de292dd88bc0f,
    type: 3}
  m_PrefabInstance: {fileID: 7335475845659712779}
  m_PrefabAsset: {fileID: 0}
--- !u!1 &469898277887626840 stripped
GameObject:
  m_CorrespondingSourceObject: {fileID: -2068927300945177773, guid: 06a62d05e6810a64986de292dd88bc0f,
    type: 3}
  m_PrefabInstance: {fileID: 7335475845659712779}
  m_PrefabAsset: {fileID: 0}
--- !u!1 &3182462906900662006 stripped
GameObject:
  m_CorrespondingSourceObject: {fileID: 5325147352521677821, guid: 06a62d05e6810a64986de292dd88bc0f,
    type: 3}
  m_PrefabInstance: {fileID: 7335475845659712779}
  m_PrefabAsset: {fileID: 0}
--- !u!1 &8597872100710174962 stripped
GameObject:
  m_CorrespondingSourceObject: {fileID: 1341262855224364537, guid: 06a62d05e6810a64986de292dd88bc0f,
    type: 3}
  m_PrefabInstance: {fileID: 7335475845659712779}
  m_PrefabAsset: {fileID: 0}
--- !u!1 &8645949663719578840 stripped
GameObject:
  m_CorrespondingSourceObject: {fileID: -7912739867511455277, guid: 06a62d05e6810a64986de292dd88bc0f,
    type: 3}
  m_PrefabInstance: {fileID: 7335475845659712779}
  m_PrefabAsset: {fileID: 0}
--- !u!1 &4908545676145649609 stripped
GameObject:
  m_CorrespondingSourceObject: {fileID: 2437133646292957890, guid: 06a62d05e6810a64986de292dd88bc0f,
    type: 3}
  m_PrefabInstance: {fileID: 7335475845659712779}
  m_PrefabAsset: {fileID: 0}
--- !u!1 &716465963811777209 stripped
GameObject:
  m_CorrespondingSourceObject: {fileID: -1423773458899535950, guid: 06a62d05e6810a64986de292dd88bc0f,
    type: 3}
  m_PrefabInstance: {fileID: 7335475845659712779}
  m_PrefabAsset: {fileID: 0}
--- !u!1 &7529188714800400985 stripped
GameObject:
  m_CorrespondingSourceObject: {fileID: 986804350385887058, guid: 06a62d05e6810a64986de292dd88bc0f,
    type: 3}
  m_PrefabInstance: {fileID: 7335475845659712779}
  m_PrefabAsset: {fileID: 0}
--- !u!1 &5955402755365373299 stripped
GameObject:
  m_CorrespondingSourceObject: {fileID: 3992739218122004600, guid: 06a62d05e6810a64986de292dd88bc0f,
    type: 3}
  m_PrefabInstance: {fileID: 7335475845659712779}
  m_PrefabAsset: {fileID: 0}
--- !u!1 &606858127651561870 stripped
GameObject:
  m_CorrespondingSourceObject: {fileID: -1322046000277504891, guid: 06a62d05e6810a64986de292dd88bc0f,
    type: 3}
  m_PrefabInstance: {fileID: 7335475845659712779}
  m_PrefabAsset: {fileID: 0}
--- !u!1 &2597441874823367501 stripped
GameObject:
  m_CorrespondingSourceObject: {fileID: -4483562173794937274, guid: 06a62d05e6810a64986de292dd88bc0f,
    type: 3}
  m_PrefabInstance: {fileID: 7335475845659712779}
  m_PrefabAsset: {fileID: 0}
--- !u!1 &4786178834639164374 stripped
GameObject:
  m_CorrespondingSourceObject: {fileID: 2857309800921321181, guid: 06a62d05e6810a64986de292dd88bc0f,
    type: 3}
  m_PrefabInstance: {fileID: 7335475845659712779}
  m_PrefabAsset: {fileID: 0}
--- !u!4 &2357190907253028369 stripped
Transform:
  m_CorrespondingSourceObject: {fileID: -4216859302048453862, guid: 06a62d05e6810a64986de292dd88bc0f,
    type: 3}
  m_PrefabInstance: {fileID: 7335475845659712779}
  m_PrefabAsset: {fileID: 0}
--- !u!1 &3500486881518142694 stripped
GameObject:
  m_CorrespondingSourceObject: {fileID: 6149913983182477805, guid: 06a62d05e6810a64986de292dd88bc0f,
    type: 3}
  m_PrefabInstance: {fileID: 7335475845659712779}
  m_PrefabAsset: {fileID: 0}
--- !u!1 &2550102991076841885 stripped
GameObject:
  m_CorrespondingSourceObject: {fileID: 5093308680570045590, guid: 06a62d05e6810a64986de292dd88bc0f,
    type: 3}
  m_PrefabInstance: {fileID: 7335475845659712779}
  m_PrefabAsset: {fileID: 0}
--- !u!1 &4669523626216780311 stripped
GameObject:
  m_CorrespondingSourceObject: {fileID: -6556780818051584228, guid: 06a62d05e6810a64986de292dd88bc0f,
    type: 3}
  m_PrefabInstance: {fileID: 7335475845659712779}
  m_PrefabAsset: {fileID: 0}
--- !u!1 &3080225362363020599 stripped
GameObject:
  m_CorrespondingSourceObject: {fileID: -3498187713406130116, guid: 06a62d05e6810a64986de292dd88bc0f,
    type: 3}
  m_PrefabInstance: {fileID: 7335475845659712779}
  m_PrefabAsset: {fileID: 0}
--- !u!1 &4442335872069908557 stripped
GameObject:
  m_CorrespondingSourceObject: {fileID: 6371046025216582982, guid: 06a62d05e6810a64986de292dd88bc0f,
    type: 3}
  m_PrefabInstance: {fileID: 7335475845659712779}
  m_PrefabAsset: {fileID: 0}
--- !u!1 &2719753372546860341 stripped
GameObject:
  m_CorrespondingSourceObject: {fileID: 4643872172233906238, guid: 06a62d05e6810a64986de292dd88bc0f,
    type: 3}
  m_PrefabInstance: {fileID: 7335475845659712779}
  m_PrefabAsset: {fileID: 0}
